@inproceedings{Ward,
  title={Measuring and modeling anisotropic reflection},
  author={Ward, Gregory J},
  booktitle={ACM SIGGRAPH Computer Graphics},
  volume={26},
  number={2},
  pages={265--272},
  year={1992},
  organization={ACM}
}



@inproceedings{BlinnPhong,
  title={Models of light reflection for computer synthesized pictures},
  author={Blinn, James F},
  booktitle={ACM SIGGRAPH computer graphics},
  volume={11},
  number={2},
  pages={192--198},
  year={1977},
  organization={ACM}
}

@article{CookTorr,
  title={A reflectance model for computer graphics},
  author={Cook, Robert L and Torrance, Kenneth E.},
  journal={ACM Transactions on Graphics (TOG)},
  volume={1},
  number={1},
  pages={7--24},
  year={1982},
  publisher={ACM}
}

@techreport{Shapiro,
  title={Theory of R-functions and applications: A primer},
  author={Shapiro, Vadim},
  year={1991},
  institution={Cornell University}
}

@article{BooleanOperations,
  title={Boolean operations with implicit and parametric representation of primitives using R-functions},
  author={Fougerolle, Yohan D and Gribok, Andrei and Foufou, Sebti and Truchetet, Fr{\'e}d{\'e}ric and Abidi, Mongi A},
  journal={IEEE Transactions on Visualization and Computer Graphics},
  volume={11},
  number={5},
  pages={529--539},
  year={2005},
  publisher={IEEE}
}

@inproceedings{CSGOperations,
  title={CSG Operations of Arbitrary Primitives with Interval Arithmetic and Real-Time Ray Casting},
  author={Hijazi, Younis and Knoll, Aaron and Schott, Mathias and Kensler, Andrew and Hansen, Charles},
  booktitle={Dagstuhl Follow-Ups},
  volume={1},
  year={2010},
  organization={Schloss Dagstuhl-Leibniz-Zentrum fuer Informatik}
}

@article{battles2004extension,
  title={An extension of MATLAB to continuous functions and operators},
  author={Battles, Zachary and Trefethen, Lloyd N},
  journal={SIAM Journal on Scientific Computing},
  volume={25},
  number={5},
  pages={1743--1770},
  year={2004},
  publisher={SIAM}
}

@misc{mesh,
title={SfePy: Simple Finite Elements in Python},
\howpublished={\url{http://sfepy.org/doc-devel/preprocessing.html}},
}

@misc{Morales,
author={Gustavo Morales.},
url={https://www.mathworks.com/matlabcentral/fileexchange/23623-ezimplot3-implicit-3d-functions-plotter?focused=5168229&tab=function}
}

